<record><leader>00000cas a22000007a 4500</leader><controlfield tag="001">9010909</controlfield><controlfield tag="008">821202d19701986ohuwr ne      0   a0eng d</controlfield><controlfield tag="009">467</controlfield><datafield ind1=" " ind2=" " tag="010"><subfield code="a">sn 82007849 </subfield></datafield><datafield ind1=" " ind2=" " tag="040"><subfield code="a">NSD</subfield><subfield code="b">eng</subfield><subfield code="c">NSD</subfield><subfield code="d">ONP</subfield><subfield code="d">OCL</subfield><subfield code="d">ONP</subfield><subfield code="d">OCLCQ</subfield></datafield><datafield ind1=" " ind2=" " tag="012"><subfield code="j">0</subfield><subfield code="m">d</subfield></datafield><datafield ind1=" " ind2=" " tag="019"><subfield code="a">17737922</subfield></datafield><datafield ind1="1" ind2=" " tag="022"><subfield code="a">0745-2772</subfield><subfield code="l">0745-2772</subfield><subfield code="2">1</subfield></datafield><datafield ind1="1" ind2=" " tag="029"><subfield code="a">AU@</subfield><subfield code="b">000020451072</subfield></datafield><datafield ind1=" " ind2=" " tag="037"><subfield code="b">Clermont Courier, 564 Cincinnati-Batavia Pike, Cincinnati, Ohio 45244</subfield></datafield><datafield ind1=" " ind2=" " tag="042"><subfield code="a">msc</subfield></datafield><datafield ind1="0" ind2=" " tag="130"><subfield code="a">Clermont courier (Batavia, Ohio : 1970)</subfield></datafield><datafield ind1=" " ind2="0" tag="222"><subfield code="a">Clermont courier</subfield></datafield><datafield ind1="0" ind2="0" tag="245"><subfield code="a">Clermont courier.</subfield></datafield><datafield ind1=" " ind2=" " tag="260"><subfield code="a">Batavia, Ohio :</subfield><subfield code="b">Clermont Pub. Co.,</subfield><subfield code="c">1970-1986.</subfield></datafield><datafield ind1=" " ind2=" " tag="300"><subfield code="a">v.</subfield></datafield><datafield ind1=" " ind2=" " tag="310"><subfield code="a">Weekly</subfield></datafield><datafield ind1="0" ind2=" " tag="362"><subfield code="a">Vol. 134, no. 13 (June 11, 1970)-v. 162, no. 38 (Sept. 25, 1986).</subfield></datafield><datafield ind1=" " ind2=" " tag="500"><subfield code="a">Nsdp msc.</subfield></datafield><datafield ind1=" " ind2="4" tag="651"><subfield code="a">Batavia (Ohio)</subfield><subfield code="v">Newspapers.</subfield></datafield><datafield ind1=" " ind2="4" tag="651"><subfield code="a">Clermont County (Ohio)</subfield><subfield code="v">Newspapers.</subfield></datafield><datafield ind1=" " ind2="4" tag="651"><subfield code="a">Cincinnati (Ohio)</subfield><subfield code="v">Newspapers.</subfield></datafield><datafield ind1=" " ind2="4" tag="651"><subfield code="a">Hamilton County (Ohio)</subfield><subfield code="v">Newspapers.</subfield></datafield><datafield ind1=" " ind2=" " tag="752"><subfield code="a">United States</subfield><subfield code="b">Ohio</subfield><subfield code="c">Clermont</subfield><subfield code="d">Batavia.</subfield></datafield><datafield ind1="0" ind2="0" tag="780"><subfield code="t">Courier (Batavia, Ohio)</subfield><subfield code="w">(DLC)sn 88077344</subfield></datafield><datafield ind1="0" ind2="5" tag="780"><subfield code="t">Williamsburg times (Williamsburg, Ohio)</subfield><subfield code="w">(DLC)sn 88077351</subfield></datafield><datafield ind1="0" ind2="0" tag="785"><subfield code="t">Clermont courier-press</subfield><subfield code="x">0891-4761</subfield><subfield code="w">(DLC)sn 86002679</subfield></datafield><datafield ind1=" " ind2=" " tag="936"><subfield code="a">Nov. 18, 1982</subfield></datafield></record>